@article{SCHWARTZ20081639,
title = "The effect of walking speed on the gait of typically developing children",
journal = "Journal of Biomechanics",
volume = "41",
number = "8",
pages = "1639 - 1650",
year = "2008",
issn = "0021-9290",
doi = "https://doi.org/10.1016/j.jbiomech.2008.03.015",
url = "http://www.sciencedirect.com/science/article/pii/S0021929008001450",
author = "Michael H. Schwartz and Adam Rozumalski and Joyce P. Trost",
keywords = "Gait, Walking, Speed, Children, Kinematics, Kinetics, Electromyography, Spatio-temporal parameters"
}