@STRING{EJC    = "European Journal of Control"}
@STRING{CDC = "Proc. IEEE Conf. on Decision and Control"}
@STRING{CBA = "Congresso Brasileiro de Autom�tica"}
@STRING{CNRS = "Colloquium on Development and Utilization of Mathematical Models in Automat. Contr."}
@STRING{PIS = "In proceedings of 2001 International symposium on adaptive and intelligent systems and control"}
@STRING{RA  = "Proc. IEEE Conf. Robotics\&Automation"}
@STRING{ACC = "Proc. American Contr. Conf."}
@STRING{PSP = "proceedings of Safe Process"}
@STRING{VSS = "Variable Structure Systems: Towards the 21st Century"}
@STRING{VSS2 = "9th International Workshop on Variable Structure Systems"}
@STRING{PIEEE  = "Proceedings of the IEEE"}
@STRING{TAC    = "IEEE Trans. Aut. Contr."}
@STRING{TCS    = "IEEE Trans. on Circuits and Sytems."}
@STRING{TCST   = "IEEE Trans. Contr. Syst. Tech."}
@STRING{TIE    = "IEEE Trans. on Ind. Electronics"}
@STRING{TRA    = "IEEE Trans. Robotics and Automation"}
@STRING{TSMC   = "IEEE Trans. Syst. Man and Cyber."}
@STRING{IJC    = "Int. J. Contr."}
@STRING{AJC    = "Asian Journal of Control"}
@STRING{IJRNC  = "Int. J. of Robust and Nonlinear Control"}
@STRING{AUT    = "Automatica"}
@STRING{ASME   = "ASME J. of Dynamics Systems Measurem. and Contr."}
@STRING{IJACSP = "Int. J. Adaptive Control Signal Process."}
@STRING{SCL    = "Systems \& Contr. Letters"}
@STRING{SJCO   = "SIAM J. Contr. Optim."}
@STRING{IJRR   = "Int. J. Robotics Res."}
@STRING{JOE    = "IEEE J. Oceanic Eng."}
@STRING{MCSS    = "Mathematics of Control, Signals and Systems"}
@STRING{AT    = "Translated from Avtomatika i Telemekhanika"}
@STRING{CTA    = "IEE Proc. Control Theory Appl."}

@STRING{PEE    = "Programa de Engenharia El{\'e}trica, COPPE/UFRJ"}

@STRING{CDC-ECC = "Proc. IEEE Conf. on Decision and Control and European Control Conference ECC"}
@STRING{EJC    = "European J. of Control."}
@STRING{TCSII    = "IEEE Trans. on Circuits and Sytems - II: Express Briefs."}

@STRING{IEECTA    = "IEE Proc.-Control Theory Appl."}


@STRING{VSS9    = "9th International Workshop on Variable Structure Systems"}


@STRING{IFAC05    = "Preprints of the 16-th IFAC World Congress"}



@ARTICLE{AS:99,
   AUTHOR      = {D. Angeli and E.D. Sontag},
   TITLE       = {Forward completeness, unboundedness observability, and their {L}yapunov characterizations},
   JOURNAL     = SCL,
   VOLUME      = 38,
   NUMBER      = 5,
   PAGES       = {209--217},
   YEAR        = 1999
}

@ARTICLE{ALK:02,
  AUTHOR      = {M. Arcak and M. Larsen and P. Kokotovi\'c},
  TITLE       = {Boundedness without absolute stability in systems with stiffening
nonlinearities},
  JOURNAL     = EJC,
  VOLUME      = 8,
  NUMBER      = 3,
  PAGES       = {243--250},
  YEAR        = 2002
}


@ARTICLE{GAL:06,
   AUTHOR      = {Kaliora, G. and Astolfi, A. and Praly, L.},
   TITLE       = {Norm Estimators and Global Output Feedback Stabilization of Nonlinear Systems With {ISS} Inverse Dynamics},
   JOURNAL     = TAC,
   VOLUME      = 51,
   NUMBER      = 3,
   PAGES       = {493--498},
   YEAR        = 2006
}

@ARTICLE{APA:09,
   AUTHOR      = {Andrieu, V. and Praly, L. and Astolfi, A.},
   TITLE       = {High gain observers with updated gain and homogeneous correction terms},
   JOURNAL     = AUT,
   VOLUME      = 45,
   NUMBER      = 2,
   PAGES       = {422--428},
   YEAR        = 2009
}


@ARTICLE{AK:09,
   AUTHOR      = {Ahrens, J. H. and Khalil H.},
   TITLE       = {High-gain observers in the presence of measurement noise: A switched-gain approach},
   JOURNAL     = AUT,
   VOLUME      = {45},
   NUMBER      = {4},
   PAGES       = {},
   YEAR        = 2009
}


@INPROCEEDINGS{PHCL:2007,
   AUTHOR      = {Peixoto, A. J. and Hsu, L. and Costa, R. R. and Lizarralde, F.},
   TITLE       = {Global Tracking Sliding Mode Control for Uncertain Nonlinear Systems
Based on Variable High Gain Observer},
   BOOKTITLE   = CDC,
   PAGES       = {2041--2046},
   ADDRESS     = {New Orleans, LA, USA},
   YEAR        = 2007
}

@INPROCEEDINGS{P:07,
   AUTHOR      = {Andrieu, V. and Praly, L. and Astolfi, A.},
   TITLE       = {Asymptotic tracking of a state trajectory by output-feedback for a class of non linear systems},
   BOOKTITLE   = {CDC},
   PAGES       = {5228--5233},
   ADDRESS     = {New Orleans, LA, USA},
   YEAR        = 2007
}


@mastersthesis{O:06,
    author  = {Oliveira, T. R.},
    title   = {Controle por Modos Deslizantes de Sistemas Incertos Com Direcao de Controle Desconhecida},
    year    = 2006,
    month   = {Julho},
    address = {Rio de Janeiro},
    school  = PEE
}


@mastersthesis{N:04,
    author  = {Nunes, E.V.L.},
    title   = {Controle por Modos Deslizantes de Ordem Superior com Estabilidade Global},
    year    = 2004,
    month   = {Maio},
    address = {Rio de Janeiro},
    school  = PEE
}

@BOOK{DV:75,
    EDITOR  = {Desoer, C. A. and Vidyasagar, M.},
    TITLE   = {Feedback Systems: Input-Output Properties},
    PUBLISHER = {Academic Press, Inc.},
    YEAR    = 1975
}


@BOOK{HCCL:2002abook,
    EDITOR  = {X.~Yu and J.-X. Xu},
    TITLE   = {Variable Structure Systems: Towards the 21st Century},
    PUBLISHER = {Springer-Verlag.},
    YEAR    = 2002
}



@BOOK{HPCCL:2006book,
    EDITOR  = {C. Edwards, E. Fossas Colet, and L. Fridman},
    TITLE   = {Advances in Variable Structure and Sliding Mode Control},
    PUBLISHER = {Springer-Verlag.},
    YEAR    = 2006
}


@BOOK{ALS:04,
    EDITOR  = {Asif Sabanovic, Leonid Fridman
    and Sarah K. Spurgeon},
    TITLE   = {Variable Structure Systems: From Principles to Implementation (IEE Control Engineering)},
    PUBLISHER = {Academic Press, Inc.},
    YEAR    = 2004
}



@INCOLLECTION{BLPU:2002,
   AUTHOR      = {Bartolini, G. and Levant, A. and Pisano, A.
                  and Usai, E.},
   TITLE       = {Higher-Order Sliding Modes for the Output-Feedback Control
                  of Nonlinear Uncertain Systems},
   BOOKTITLE   = {Variable Structure Systems: Towards the 21st Century},
   EDITOR      = {Yu, X. and Xu, J.-X.},
   PAGES       = {83--108},
   PUBLISHER   = {Springer-Verlag},
   YEAR        = 2002
}

@ARTICLE{BFU:98,
   AUTHOR      = {G. Bartolini and A. Ferrara and E. Usai},
   TITLE       = {Chattering Avoidance by second-order sliding mode control},
   JOURNAL     = TAC,
   VOLUME      = 43,
   NUMBER      = 2,
   PAGES       = {241--245},
   YEAR        = 1998
}


@ARTICLE{TI:88,
   AUTHOR      = {Tao, G. and Ioannou, P. A.},
   TITLE       = {Robust model reference adaptive control for
                  multivariable plants},
   JOURNAL     = IJACSP,
   VOLUME      = {2},
   PAGES       = {217--248},
   YEAR        = 1988
}


@ARTICLE{AK:07,
   AUTHOR      = {Ahrens, J. H. and Khalil, H. K.},
   TITLE       = {Closed-Loop Behavior of a Class of Nonlinear Systems Under {EKF}-Based Control},
   JOURNAL     = TAC,
   VOLUME      = 52,
   NUMBER      = 3,
   PAGES       = {536--540},
   YEAR        = 2007
}


@ARTICLE{CCH:95,
   AUTHOR      = {Cunha, J. P. V. S. and Costa, R. R. and Hsu, L.},
   TITLE       = {Design of a high performance variable structure
                  position control of {ROV's}},
   JOURNAL     = JOE,
   VOLUME      = 20,
   NUMBER      = 1,
   PAGES       = {42--55},
   YEAR        = 1995
}
@INPROCEEDINGS{HC:96,
   AUTHOR      = {Hsu, L. and Costa, R. R.},
   TITLE       = {Adaptive control with sliding modes:
                  theory and applications},
   BOOKTITLE   = {Minicurso Proc. XI Congresso Brasileiro de Autom\'atica},
   PAGES       = {39--60},
   ADDRESS     = {S\~ao Paulo},
   YEAR        = 1996
}


@ARTICLE{WF:76,
   AUTHOR      = {Wolovich, W. A. and Falb, P. L.},
   TITLE       = {Invariants and canonical forms under dynamic compensation},
   JOURNAL     = SJCO,
   VOLUME      = {14},
   NUMBER      = {6},
   PAGES       = {996--1008},
   YEAR        = 1976
}

@ARTICLE{WG:94,
   AUTHOR      = {Weller, S. R. and Goodwin, G. C.},
   TITLE       = {Hysteresis switching adaptive control of linear multivariable
                  systems},
   JOURNAL     = TAC,
   VOLUME      = 39,
   NUMBER      = 7,
   PAGES       = {1360--1375},
   YEAR        = 1994
}

@ARTICLE{CX:01,
   AUTHOR      = {Chen, W. and Xu, C.},
   TITLE       = {Simple Robust Output-Feedback Controller for Uncertain Nonlinear Systems},
   JOURNAL     = TAC,
   VOLUME      = {46},
   NUMBER      = {11},
   PAGES       = {1765--1772},
   YEAR        = 2001
}



@INCOLLECTION{HPCCL:2006,
   AUTHOR      = {Hsu, L. and Peixoto, A. J. and Cunha, J. P. V. S. and
                  Costa, R. R. and Lizarralde, F.},
   TITLE       = {Output Feedback Sliding Mode Control for a Class of Uncertain Multivariable Systems
   with Unmatched Nonlinear Disturbances},
   BOOKTITLE   = {Advances in Variable Structure and Sliding Mode Control},
   PAGES       = {195--225},
   PUBLISHER   = {Springer-Verlag},
   YEAR        = 2006
}

@ARTICLE{YX:04,
   AUTHOR      = {Yan, L. and Xu, J.},
   TITLE       = {A Model Reference Robust Control with Unknown High Frequency Gain Sign},
   JOURNAL     = ACC,
   VOLUME      = {},
   NUMBER      = {},
   PAGES       = {3291--3296},
   YEAR        = 2004
}




@INPROCEEDINGS{M:82,
   AUTHOR      = {Morse, A. S.},
   TITLE       = {Recent problems in parameter adaptive control},
   BOOKTITLE   = CNRS,
   ADDRESS     = {},
   PAGES       = {733--740},
   YEAR        = 1982
}

@article{FSB:00,
    author  = {Frank, P. M. and Steven, X. D. and Birgit, K. S.},
    title   = {Current developments in the theory of {FDI}},
    journal = PSP,
    year    = 2000,
    pages   = {16--23}
}

@INPROCEEDINGS{ICH:2001,
   AUTHOR      = {Imai, A.K. and Costa, R.R. and Hsu, L.},
   TITLE       = {Multivariable {MRAC} using {N}ussbaum gain},
   BOOKTITLE   = PIS,
   YEAR        = 2001
}



@BOOK{I:76,
   AUTHOR      = {Itkis, U.},
   TITLE       = {Control Systems of Variable Structure},
   PUBLISHER   = {Wiley},
   YEAR        = 1976
}


@ARTICLE{Drak:1995,
   AUTHOR      = {Drakunov, S. and �zg�ner, �. and Dix, P. and Ashrafi, B.},
   TITLE       = {{ABS} Control Using Optimum Search via Sliding Modes},
   JOURNAL     = TCST,
   VOLUME      = 3,
   NUMBER      = 1,
   PAGES       = {79--85},
   YEAR        = 1995
}


@ARTICLE{OHP:06,
   AUTHOR      = {Oliveira, T. R. and Hsu, L. and Peixoto, A. J.},
   TITLE       = {Controle por Modos Deslizantes de Sistemas Incertos com Grau
                    Relativo Arbitr�rio e Dire��o de Controle Desconhecida},
   JOURNAL     = CBA,
   VOLUME      = {},
   NUMBER      = {},
   PAGES       = {1750--1755},
   YEAR        = 2006
}


@INPROCEEDINGS{ZDQB:99,
   AUTHOR      = {Zergeroglu, E. and Dawson, D. M. and de Queiroz, M. S. and
                 Behal, A.},
   TITLE       = {Vision-based nonlinear tracking controllers with
                  uncertain robot-camera parameters},
   BOOKTITLE   = {Proc. IEEE/ASME Int. Conf. Advanced Intelligent
                 Mechatronics},
   PAGES       = {854--859},
   DATE        = {September 19--23},
   ADDRESS     = {Atlanta, USA},
   YEAR        = 1999
}



@INPROCEEDINGS{HCCL:2005,
   AUTHOR      = {L. Hsu and J. P. V. S. Cunha and R. R. Costa and F. Lizarralde},
   TITLE       = {Sliding
mode control of uncertain linear systems based on a high gain
observer free of peaking},
   BOOKTITLE   = IFAC05,
   ADDRESS     = {Prague},
   YEAR        = 2005
}




@INPROCEEDINGS{HOP:2006,
   AUTHOR      = {Hsu, L.  and Oliveira, T. R. and Peixoto, A. J.},
   TITLE       = {Sliding mode control of
uncertain nonlinear systems with arbitrary relative degree and
unknown control direction},
   BOOKTITLE   = VSS9,
   PAGES       = {178--183},
   ADDRESS     = {Alghero, Italy},
   YEAR        = 2006
}




@INPROCEEDINGS{POH:2006,
   AUTHOR      = {Peixoto, A. J. and Oliveira, T. R. and Hsu, L.},
   TITLE       = {Sliding mode control of uncertain
systems with arbitrary relative degree and unknown control direction: Theory
and Experiments},
   BOOKTITLE   = CDC,
   PAGES       = {4951--4956},
   ADDRESS     = {San Diego},
   YEAR        = 2006
}




@ARTICLE{PHCL:2007a,
   AUTHOR      = {Peixoto, A. J. and Hsu, L. and Costa, R. R. and Lizarralde, F.},
   TITLE       = {Global Tracking Sliding Mode Control for Uncertain Nonlinear
Systems Based on Variable High Gain Observer},
   JOURNAL     = AUT,
   VOLUME      = {},
   NUMBER      = {a ser submetido},
   PAGES       = {},
   YEAR        = 2007
}



@INPROCEEDINGS{OPH:2007,
   AUTHOR      = {Oliveira, T. R. and Peixoto, A. J. and Hsu, L.},
   TITLE       = {Sliding mode output tracking of uncertain
nonlinear systems with unknown control direction},
   BOOKTITLE   = ACC,
   PAGES       = {},
   ADDRESS     = {New York},
   YEAR        = 2007
}



@ARTICLE{OPNH:2007,
   AUTHOR      = {Oliveira, T. R. and Peixoto, A. J. and Nunes, E. V. L. and Hsu, L.},
   TITLE       = {Control of uncertain nonlinear systems with arbitrary relative degree
   and unknown control direction using sliding modes},
   JOURNAL     = IJACSP,
   VOLUME      = {21},
   NUMBER      = {},
   PAGES       = {692--707},
   YEAR        = 2007
}



@ARTICLE{Lev:03,
   AUTHOR      = {A. Levant},
   TITLE       = {Higher-order sliding modes, differentiation and output-feedback
control},
   JOURNAL     = IJC,
   VOLUME      = {76},
   NUMBER      = {9},
   PAGES       = {924--941},
   YEAR        = 2003
}



@INPROCEEDINGS{NHL:2006,
   AUTHOR      = {Nunes, E.V.L. and Hsu, L. and  Lizarralde, F.},
   TITLE       = {Output-feedback sliding mode control for global asymptotic tracking of uncertain systems using locally exact differentiators},
   BOOKTITLE   = ACC,
   PAGES       = {5407--5412},
   ADDRESS     = {Minneapolis},
   YEAR        = 2006
}



@ARTICLE{BFG:2003,
   AUTHOR      = {G. Bartolini,  A. Ferrara and L. Giacomini},
   TITLE       = {A Switching Controller for
Systems with Hard Uncertainties},
   JOURNAL     = TCS,
   VOLUME      = {50},
   NUMBER      = {8},
   PAGES       = {984--990},
   YEAR        = 2003
}



@INPROCEEDINGS{YHCL:2003,
   AUTHOR      = {Yan, L. and Hsu, L. and Costa, R.R. and Lizarralde, F.},
   TITLE       = {Variable Structure Model
Reference Adaptive Control for Systems with Unknown High Frequency Gain},
   BOOKTITLE   = CDC,
   PAGES       = {3525--3530},
   ADDRESS     = {Hawaii},
   YEAR        = 2003
}

@INPROCEEDINGS{D:1993,
   AUTHOR      = {S. Drakunov},
   TITLE       = {Sliding Mode Control of the Systems with Uncertain Direction of
Control Vector},
   BOOKTITLE   = CDC,
   PAGES       = {2477--2478},
   ADDRESS     = {San Antonio},
   YEAR        = 1993
}



@INPROCEEDINGS{QL:03,
   AUTHOR      = {Qian, C. and Schrader, C. B. and Lin, W.},
   TITLE       = {Global regulation of a class of uncertain nonlinear systems using time-varying output feedback},
   BOOKTITLE   = ACC,
   PAGES       = {1542--1547},
   ADDRESS     = {Denver, CO},
   YEAR        = 2003
}

@ARTICLE{FB:1986,
   AUTHOR      = {M. Fu and B.R. Barmish},
   TITLE       = {Adaptive stabilization of linear systems via switching control},
   JOURNAL     = TAC,
   VOLUME      = {31},
   NUMBER      = {12},
   PAGES       = {1097--1103},
   YEAR        = 1986
}


@ARTICLE{YCL:05,
   AUTHOR      = {X. Ye and P. Chen and D. Li},
   TITLE       = {Decentralized adaptive large-scale non-linear
systems with unknown high-frequency gain signs},
   JOURNAL     = IEECTA,
   VOLUME      = {152},
   NUMBER      = {4},
   PAGES       = {387--391},
   YEAR        = 2005
}


@ARTICLE{WZ:04,
   AUTHOR      = {Y.Q. Wu and Y. Zhou},
   TITLE       = {Output feedback control for MIMO non-linear systems with
unknown sign of the high frequency gain matrix},
   JOURNAL     = IJC,
   VOLUME      = {77},
   NUMBER      = {1},
   PAGES       = {9--18},
   YEAR        = 2004
}


@ARTICLE{ZWS:2000,
   AUTHOR      = {Y. Zhang, C. Wen and Y.C. Soh},
   TITLE       = {Adaptive backstepping control design for
systems with unknown high-frequency gain},
   JOURNAL     = TAC,
   VOLUME      = {45},
   NUMBER      = {12},
   PAGES       = {2350--2354},
   YEAR        = 2000
}



@ARTICLE{MM:1985,
   AUTHOR      = {D.R. Mudgett and A.S. Morse},
   TITLE       = {Adaptive stabilization of linear systems with
unknown high frequency gains},
   JOURNAL     = TAC,
   VOLUME      = {30},
   PAGES       = {549--554},
   YEAR        = 1985
}


@ARTICLE{N:1983,
   AUTHOR      = {R.D. Nussbaum},
   TITLE       = {Some results on a conjecture in parameter adaptive control},
   JOURNAL     = SCL,
   VOLUME      = {3},
   PAGES       = {243--246},
   YEAR        = 1983
}

@INPROCEEDINGS{M:1982,
   AUTHOR      = {A.S. Morse},
   TITLE       = {Recent problems in parameter adaptive control},
   BOOKTITLE   = {Proc. CNRS Colloquium on Development and Utilization of Mathematical Models in Automat. Contr.},
   ADDRESS     = {Belle-Isle, France},
   PAGES       = {733--740},
   YEAR        = 1982
}


@ARTICLE{LS:99,
   AUTHOR      = {Lu, X.-Y. and Spurgeon, S. K.},
   TITLE       = {Output feedback stabilization of {MIMO} non-linear systems
                  via dynamic sliding mode},
   JOURNAL     = IJRNC,
   VOLUME      = {9},
   PAGES       = {275--305},
   YEAR        = 1999
}

@ARTICLE{ZH:93,
   AUTHOR      = {\.Zak, S. H. and Hui, S.},
   TITLE       = {Output feedback variable structure controllers and state
                  estimators for uncertain/nonlinear dynamic systems},
   JOURNAL     = {IEE Proc.-D.},
   VOLUME      = {140},
   NUMBER      = {1},
   PAGES       = {41--50},
   YEAR        = 1993
}


@ARTICLE{Y:77,
   AUTHOR      = {Young, K.-K. D.},
   TITLE       = {Asymptotic stability of model reference systems with
                  variable structure control},
   JOURNAL     = TAC,
   VOLUME      = 22,
   NUMBER      = 2,
   PAGES       = {279--281},
   YEAR        = 1977
}


@ARTICLE{G:79,
   AUTHOR      = {Gutman, S.},
   TITLE       = {Uncertain dynamical systems --- a {Lyapunov} min-max
                  approach},
   JOURNAL     = TAC,
   VOLUME      = {24},
   NUMBER      = {3},
   PAGES       = {437--443},
   YEAR        = 1979
}

@INPROCEEDINGS{GL:75,
   AUTHOR      = {Gutman, S. and G. Leitmann},
   TITLE       = {Stabilizing control for linear systems with bounded
                  parameters and input uncertainty},
   BOOKTITLE   = {Proc. 7th IFIP Conf. on Optimization Techniques},
   ADDRESS     = {Nice, France},
   PAGES       = {8--14},
   YEAR        = 1975
}

@ARTICLE{C:02,
   AUTHOR      = {Yacine Chitour},
   TITLE       = {Time-Varying High-Gain Observers for Numerical Differentiation},
   JOURNAL     = TAC,
   VOLUME      = {47},
   NUMBER      = 9,
   PAGES       = {1565--1569},
   YEAR        = 2002
}


@ARTICLE{PJ:04,
   AUTHOR      = {L. Praly and Z.P. Jiang},
   TITLE       = {Linear Output Feedback with Dynamic High Gain for Nonlinear Systems},
   JOURNAL     = SCL,
   VOLUME      = {53},
   PAGES       = {107--116},
   YEAR        = 2004
}

@ARTICLE{JK:00,
   AUTHOR      = {Zhong-Ping Jiang and Ioannis Kanellakopoulos},
   TITLE       = {Global Output-Feedback Tracking for a Benchmark Nonlinear System},
   JOURNAL     = TAC,
   VOLUME      = 45,
   NUMBER      = 5,
   PAGES       = {1023--1027},
   YEAR        = 2000
}


@ARTICLE{KE:93,
   AUTHOR      = {Hassan K. Khalil and Farzad Esfandiari},
   TITLE       = {Semiglobal Stabilization of a Class of Nonlinear Systems Using Output Feedback},
   JOURNAL     = TAC,
   VOLUME      = 38,
   NUMBER      = 9,
   PAGES       = {1412--1415},
   YEAR        = 1993
}

@ARTICLE{CL:05,
   AUTHOR      = {Ho-Lim Choi and Jong-Tae Lim},
   TITLE    = {Global Exponential Stabilization of a Class of Nonlinear Systems by Output Feedback},
   JOURNAL     = TAC,
   VOLUME      = 50,
   NUMBER      = 2,
   PAGES       = {255--257},
   YEAR        = 2005
}


@ARTICLE{QL:02,
   AUTHOR      = {Chunjiang Qian and Wei Lin},
   TITLE       = {Output Feedback Control of a Class of Nonlinear Systems A Nonseparation Principle Paradigm},
   JOURNAL     = TAC,
   VOLUME      = 47,
   NUMBER      = 10,
   PAGES       = {1710--1715},
   YEAR        = 2002
}


@ARTICLE{LL:06a,
   AUTHOR      = {Hao Lei and Wei Lin},
   TITLE       = {A Robust Servomechanism Problem for Uncertain Nonlinear Systems},
   JOURNAL     = ACC,
   YEAR        = 2006
}


@ARTICLE{LL:06,
   AUTHOR      = {Hao Lei and Wei Lin},
   TITLE       = {Universal Output Feedback Control of Nonlinear Systems with Unknown Growth Rate},
   JOURNAL     = AUT,
   VOLUME      = {42},
   PAGES       = {1783--1789},
   YEAR        = 2006
}


@ARTICLE{Q:05,
   AUTHOR      = {Qian, Chunjiang},
   TITLE       = {Semi-Global stabilization of a class of uncertain nonlinear systems by linear output feedback},
   JOURNAL     = TCSII,
   VOLUME      = {52},
   NUMBER      = {4},
   PAGES       = {218--222},
   YEAR        = 2005
}


@ARTICLE{MPD:94,
   AUTHOR      = {F. Mazenc and L. Praly and W.P. Dayawansa},
   TITLE       = {Global stabilization by output feedback: examples and counterexamples},
   JOURNAL     = SCL,
   VOLUME      = 23,
   NUMBER      = {},
   PAGES       = {119--125},
   YEAR        = 1994
}

@ARTICLE{QQ:07,
   AUTHOR      = {Gong, Qi and Qian, Chunjiang},
   TITLE       = {Global practical tracking of a class of nonlinear systems by output feedback},
   JOURNAL     = AUT,
   VOLUME      = {43},
   PAGES       = {184--189},
   YEAR        = 2007
}


@ARTICLE{BA:05,
   AUTHOR      = {Bullinger, Eric and Allgower, Frank},
   TITLE       = {Adaptive lambda tracking for nonlinear higher relative degree systems},
   JOURNAL     = AUT,
   VOLUME      = {41},
   PAGES       = {1191--1200},
   YEAR        = 2005
}

@ARTICLE{CL:03,
   AUTHOR      = {Cheng, Daizhan and Lin, Wei},
   TITLE       = {On p-normal forms of nonlinear systems},
   JOURNAL     = TAC,
   VOLUME      = {48},
   NUMBER      = {7},
   PAGES       = {1242--1248},
   YEAR        = 2003
}

@ARTICLE{CL:03a,
   AUTHOR      = {Choi, H. L. and Lim J.T.},
   TITLE       = {Feedback Linearization of Time-Varying Nonlinear Systems via Time-Varying Diffeomorphism},
   JOURNAL     = CTA,
   VOLUME      = 150,
   NUMBER      = 3,
   PAGES       = {279--284},
   YEAR        = 2003
}


@ARTICLE{KS:87,
   AUTHOR      = {Khalil, H. K. and Saberi, A.},
   TITLE       = {Adaptive stabilization of a class of nonlinear systems using high-gain feedback},
   JOURNAL     = TAC,
   VOLUME      = 32,
   NUMBER      = 11,
   PAGES       = {1031--1035},
   YEAR        = 1987
}

@INPROCEEDINGS{SL:90,
   AUTHOR      = {Saberi, A. and Lin, Z.},
   TITLE       = {Adaptive high-gain stabilization of minimum-phase nonlinear systems},
   BOOKTITLE   = CDC,
   ADDRESS     = {Honolulu, Hawaii},
   PAGES       = {3417--3422},
   YEAR        = 1990
}


@INPROCEEDINGS{TI:89,
   AUTHOR      = {Tao, G. and Ioannou, P. A.},
   TITLE       = {A {MRAC} for multivariable plants with zero residual
                  tracking error},
   BOOKTITLE   = CDC,
   ADDRESS     = {Tampa, USA},
   PAGES       = {1597--1600},
   YEAR        = 1989
}

@BOOK{NA:89,
   AUTHOR      = {Narendra, K. and Annaswamy, A.},
   TITLE       = {Stable Adaptive Systems},
   PUBLISHER   = {Prentice Hall},
   YEAR        = 1989
}

@INPROCEEDINGS{MH:2000,
   AUTHOR      = {Min, L. J. and Hsu, L.},
   TITLE       = {Sliding controller for output feedback of uncertain
                  nonlinear systems: global and semi-global results},
   BOOKTITLE   = {Proc. 6th IEEE Int. Workshop on Variable Structure Sys.},
   ADDRESS     = {Gold Coast, Australia},
   PAGES       = {169--178},
   MONTH       = {December},
   YEAR        = 2000
}

@PHDTHESIS{M:2001,
   AUTHOR      = {Min, L. J.},
   TITLE       = {Controlador Deslizante para Sistema N\~ao-Linear Incerto
                  Usando Realimenta\c c\~ao de Sa\'{\i}da},
   SCHOOL      = PEE,
   MONTH       = {Setembro},
   ADDRESS     = {Rio de Janeiro},
   YEAR        = 2001
}


@INPROCEEDINGS{HCC:2001,
   AUTHOR      = {Hsu, L. and Cunha, J. P. V. S. and Costa, R. R.},
   TITLE       = {Model-reference sliding mode control of uncertain
                  multivariable systems},
   BOOKTITLE   = CDC,
   VOLUME      = 1,
   PAGES       = {756--761},
   ADDRESS     = {Orlando, FL, USA},
   MONTH       = {December},
   YEAR        = 2001
}



@INPROCEEDINGS{HCC:2002b,
   AUTHOR      = {Hsu, L. and Costa, R. R and Cunha, J. P. V. S..},
   TITLE       = {Model-reference output-feedback sliding mode control
                  of a class of multivariable nonlinear systems},
   BOOKTITLE   = {Proc. XIV Congresso Brasileiro de Autom\'atica},
   PAGES       = {1016--1021},
   ADDRESS     = {Natal, RN, Brazil},
   MONTH       = {September},
   YEAR        = 2002
}



@TECHREPORT{HCCL:2001b,
   AUTHOR      = {Hsu, L. and Cunha, J. P. V. S. and Costa, R. R.
                  and Lizarralde, F.},
   TITLE       = {Unit vector control of uncertain multivariable systems},
   INSTITUTION = PEE,
   ADDRESS     = {Rio de Janeiro},
   YEAR        = 2001,
   URL         = {http://www.coep.ufrj.br/{\symbol{126}}jpaulo/UV-Lemmas.ps}
}



@INPROCEEDINGS{HCCL:2002b,
   AUTHOR      = {Hsu, L. and Cunha, J. P. V. S. and Costa, R. R.
                  and Lizarralde, F.},
   TITLE       = {Unit vector control of multivariable systems},
   BOOKTITLE   = {Preprints of the 15$^{th}$ IFAC World Congress},
   ADDRESS     = {Barcelona},
   MONTH       = {July},
   YEAR        = 2002
}


@ARTICLE{H:90,
   AUTHOR      = {Hsu, L.},
   TITLE       = {Variable structure model reference adaptive control
                  using only {I/O} measurement: General Case},
   JOURNAL     = TAC,
   VOLUME      = 35,
   NUMBER      = 11,
   PAGES       = {1238--1243},
   YEAR        = 1990
}

@ARTICLE{H:97,
   AUTHOR      = {Hsu, L.},
   TITLE       = {Smooth sliding control of uncertain systems based
                  on a prediction error},
   JOURNAL     = {Int. J. on Robust and Nonlinear Control},
   VOLUME      = 7,
   PAGES       = {353--372},
   YEAR        = 1997
}


@ARTICLE{HC:89,
   AUTHOR      = {Hsu, L. and Costa, R. R.},
   TITLE       = {Variable structure model reference adaptive control using
                  only input and output measurement: Part {I}},
   JOURNAL     = IJC,
   VOLUME      = 49,
   NUMBER      = 2,
   PAGES       = {399--416},
   YEAR        = 1989
}

@ARTICLE{BZ:88,
   AUTHOR      = {Bartolini, G. and Zolezzi, T.},
   TITLE       = {The {V.S.} approach to the model reference control
                  of nonminimal phase linear plants},
   JOURNAL     = TAC,
   VOLUME      = 33,
   NUMBER      = 9,
   PAGES       = {859--863},
   YEAR        = 1988
}

@ARTICLE{CSWF:96,
   AUTHOR      = {Chien, C.-J. and Sun, K.-C. and Wu, A.-C. and Fu, L.-C.},
   TITLE       = {A robust {MRAC} using variable structure design for
                  multivariable plants},
   JOURNAL     = AUT,
   VOLUME      = {32},
   NUMBER      = {6},
   PAGES       = {833--848},
   YEAR        = 1996
}


@ARTICLE{DZM:88,
   AUTHOR      = {DeCarlo, R. A. and \.Zak, S. H. and Matthews, G. P.},
   TITLE       = {Variable structure control of nonlinear multivariable
                  systems: a tutorial},
   JOURNAL     = PIEEE,
   VOLUME      = {76},
   NUMBER      = {3},
   PAGES       = {212--232},
   YEAR        = 1988
}

@ARTICLE{EKNN:92a,
   AUTHOR      = {Emelyanov, S. V. and Korovin, S. K. and Nersisian, A. L.
                  and Nisenzon, Y. Y.},
   TITLE       = {Output feedback stabilization of uncertain plants: a variable
                  structure systems approach},
   JOURNAL     = IJC,
   VOLUME      = 55,
   NUMBER      = 1,
   PAGES       = {61--81},
   YEAR        = 1992
}

@ARTICLE{ES:96,
   AUTHOR      = {Edwards, C. and Spurgeon, S. K.},
   TITLE       = {Robust output tracking using a sliding-mode
                  controller/observer scheme},
   JOURNAL     = IJC,
   VOLUME      = 64,
   NUMBER      = 5,
   PAGES       = {967--983},
   YEAR        = 1996
}

@ARTICLE{ES:97,
   AUTHOR      = {Edwards, C. and Spurgeon, S. K.},
   TITLE       = {Sliding mode output tracking with application to a
                  multivariable high temperature furnace problem},
   JOURNAL     = IJRNC,
   VOLUME      = {7},
   PAGES       = {337--351},
   YEAR        = 1997
}


@ARTICLE{EW:82,
   AUTHOR      = {Elliott, H. and Wolovich, W. A.},
   TITLE       = {A parameter adaptive control structure for linear
                  multivariable systems},
   JOURNAL     = TAC,
   VOLUME      = {27},
   NUMBER      = {2},
   PAGES       = {340--352},
   YEAR        = 1982
}



@ARTICLE{CHCL:2003,
   AUTHOR      = {Cunha, J. P. V. S. and Hsu, L. and Costa, R. R. and
                  Lizarralde, F.},
   TITLE       = {Output-feedback model-reference sliding mode control
                 of uncertain multivariable systems},
   JOURNAL     = TAC,
   VOLUME      = 48,
   NUMBER      = 12,
   PAGES       = {2245--2250},
   YEAR        = 2003
}


@PHDTHESIS{C:2004,
   AUTHOR      = {Cunha, J. P. V. S.},
   TITLE       = {Controle de Sistemas Multivari\'aveis Incertos por
                  Realimenta\c c\~ao de Sa\'{\i}da e Modo Deslizante},
   SCHOOL      = PEE,
   MONTH       = {Mar\c co},
   ADDRESS     = {Rio de Janeiro},
   YEAR        = 2004
}


@ARTICLE{B:93,
   AUTHOR      = {Baida, S. V.},
   TITLE       = {Unit sliding mode control in continuous- and discrete-time
                  systems},
   JOURNAL     = IJC,
   VOLUME      = {57},
   NUMBER      = {5},
   PAGES       = {1125--1132},
   YEAR        = 1993
}

@ARTICLE{ACG:84,
   AUTHOR      = {Ambrosino, G. and Celentano, G. and Garofalo, F.},
   TITLE       = {Variable structure {MRAC} systems},
   JOURNAL     = IJC,
   VOLUME      = 39,
   NUMBER      = 6,
   PAGES       = {1339--1349},
   YEAR        = 1984
}

@BOOK{KKK:95,
    EDITOR  = {Krsti\'c, M. and Kanellakopoulos, I. and Kokotovi\'c},
    TITLE   = {Nonlinear and adaptive control design},
    PUBLISHER = {John Wiley \& Sons, Inc.},
    YEAR    = 1995
}


@INPROCEEDINGS{PCHCL:2005,
   AUTHOR      = {Peixoto, A. J. and Cunha, J. P. V. S. and Hsu, L. and
                  Costa, R. R. and Lizarralde, F.},
   TITLE       = {Unit vector control of uncertain multivariable nonlinear systems},
   BOOKTITLE   = {Preprints of the 16$^{th}$ IFAC World Congress},
   ADDRESS     = {Prague, Czech Republic},
   MONTH       = {July},
   YEAR        = 2005
}
@INCOLLECTION{PCHCL:2005a,
   AUTHOR      = {Peixoto, A. J. and Cunha, J. P. V. S. and Hsu, L. and
                  Costa, R. R. and Lizarralde, F.},
   TITLE       = {Multivariable sliding mode control for uncertain systems with unmatched state dependent nonlinear disturbances},
   BOOKTITLE   = {unknown},
   EDITOR      = {--},
   PAGES       = {--},
   PUBLISHER   = {Springer-Verlag},
   YEAR        = 2005,
   NOTE        = {(submitted only)}
}
@INPROCEEDINGS{PHCCL:2005,
   AUTHOR      = {Peixoto, A. J. and Hsu, L. and Cunha, J. P. V. S. and Costa, R. R. and Lizarralde, F.},
   TITLE       = {Model reference control of uncertain nonlinear systems via output feedback free of peaking},
   BOOKTITLE   = {CDC-ECC},
   ADDRESS   = {Seville, Spain},
   PAGES     = {--},
   YEAR      = 2005,
   NOTE        = {(submitted only)}
}
@INPROCEEDINGS{PLH:01,
  AUTHOR    = {A.J. Peixoto and F. Lizarralde and L. Hsu},
  TITLE     = {Experimental Results on Smooth Sliding Control of Uncertain Systems},
  BOOKTITLE = CDC,
  ADDRESS   = {Orlando, Florida USA},
  PAGES     = {2430--2435},
  YEAR      = 2001
}

@INPROCEEDINGS{PLH:02,
  AUTHOR    = {A.J. Peixoto and F. Lizarralde and L. Hsu},
  TITLE     = {Further Results on Smooth Sliding Control of Uncertain Systems},
  BOOKTITLE = ACC,
  ADDRESS   = {Anchorage},
  PAGES     = {2380--2385},
  YEAR      = 2002
}
@INPROCEEDINGS{PLH:02a,
  AUTHOR    = {A.J. Peixoto and F. Lizarralde and L. Hsu},
  TITLE     = {Smooth Sliding Control based on Prediction Error},
  BOOKTITLE = VSS,
  ADDRESS   = {Sarajevo},
  PAGES     = {--},
  YEAR      = 2002
}
@INPROCEEDINGS{PLH:02b,
  AUTHOR    = {A.J. Peixoto and F. Lizarralde and L. Hsu},
  TITLE     = {Chattering Avoidance by Sliding Control based on Prediction Error},
  BOOKTITLE = CBA,
  ADDRESS   = {Natal, Brazil},
  PAGES     = {--},
  YEAR      = 2002
}



@ARTICLE{I:00,
   AUTHOR      = {Isidori, A.},
   TITLE       = {A tool for semiglobal stabilization of uncertain non-minimum-phase nonlinear systems via output feedback},
   JOURNAL     = TAC,
   VOLUME      = 45,
   NUMBER      = 10,
   PAGES       = {1817--1827},
   YEAR        = 2000
}

@BOOK{YX:02,
    EDITOR  = {Yu, X. and Xu, J.-X.},
    TITLE   = {Variable Structure Systems: Towards the 21st Century},
    PUBLISHER = {Springer-Verlag},
    YEAR    = 2002
}

@BOOK{E:70,
    AUTHOR  = {Emelyanov, S. V.},
    TITLE   = {Theory of variable structure systems},
    PUBLISHER = {Nauka},
    YEAR    = 1970
}

@ARTICLE{JMHH:04,
   AUTHOR      = {Jiang, Z. P. and Mareels, I. and Hill, D. J. and Huang, J.},
   TITLE       = {A unifying framework for global regulation nonlinear output feedback: from {ISS} to i{ISS}},
   JOURNAL     = TAC,
   VOLUME      = 49,
   NUMBER      = 4,
   PAGES       = {549--562},
   YEAR        = 2004
}

@ARTICLE{FK:93,
   AUTHOR      = {Freeman, R.A. and Kokotovi\'c, P.V.},
   TITLE       = {Design of 'softer' robust nonlinear control laws},
   JOURNAL     = AUT,
   VOLUME      = 29,
   PAGES       = {1425--1437},
   YEAR        = 1993
}

@ARTICLE{FK:96,
   AUTHOR      = {Freeman, R.A. and Kokotovi\'c, P.V.},
   TITLE       = {Tracking controllers for systems linear in the unmeasured states},
   JOURNAL     = AUT,
   VOLUME      = 32,
   PAGES       = {735--746},
   YEAR        = 1996
}

@ARTICLE{MT:93,
   AUTHOR      = {Marino, R. and Tomei, P.},
   TITLE       = {Global adaptive output feedback control of nonlinear systems, part {I}: Linear parametrization},
   JOURNAL     = TAC,
   VOLUME      = 38,
   PAGES       = {17--32},
   YEAR        = 1993
}

@ARTICLE{MT:93a,
   AUTHOR      = {Marino, R. and Tomei, P.},
   TITLE       = {Global adaptive output feedback control of nonlinear systems, part {II}: Nonlinear parametrization},
   JOURNAL     = TAC,
   VOLUME      = 38,
   PAGES       = {33--48},
   YEAR        = 1993
}


@ARTICLE{PA:04,
   AUTHOR      = {Praly, L. and Arcak, M.},
   TITLE       = {A relaxed condition for stability of nonlinear observer-based controllers},
   JOURNAL     = SCL,
   VOLUME      = 53,
   PAGES       = {311--320},
   YEAR        = 2004
}

@INPROCEEDINGS{AAS:01,
   AUTHOR      = {Arcak, M. and Angeli, D. and Sontag, E.},
   TITLE       = {Stabilization of cascades using integral input-to-state stability},
   BOOKTITLE   = {CDC},
   ADDRESS   = {Orlando, Florida USA},
   PAGES     = {3814--3819},
   YEAR      = 2001
}

@ARTICLE{S:98,
   AUTHOR      = {E. D. Sontag},
   TITLE       = {Comments on Integral Variants of {ISS}},
   JOURNAL     = SCL,
   VOLUME      = 34,
   PAGES       = {93--100},
   YEAR        = 1998
}


@BOOK{I:95,
   AUTHOR      = {Isidori, A.},
   TITLE       = {Nonlinear Control Systems},
   PUBLISHER   = {Springer},
   YEAR        = 1995
}

@mastersthesis{L:92,
    author  = {F. Lizarralde},
    title   = {Controle Adaptativo Robusto de Manipuladores R\'{\i}gidos
     sem medi\c{c}{\~a}o de velocidade},
    year    = 1992,
    month   = {Feb.},
    address = {Rio de Janeiro},
    school  = PEE
}


@phdthesis{L:98,
    author  = {F. Lizarralde},
    title   = {Stabilization of Affine Nonlinear Control Systems by a Newton type Method},
    year    = 1998,
    month   = {Sept.},
    address = {Rio de Janeiro},
    school  = PEE
}



@ARTICLE{SW:97,
   AUTHOR      = {Sontag, E. D. and Wang Y.},
   TITLE       = {Output-to-state stability and detectability of nonlinear systems},
   JOURNAL     = SCL,
   VOLUME      = 29,
   PAGES       = {279--290},
   YEAR        = 1997
}
@INPROCEEDINGS{DP:01,
   AUTHOR      = {Diao, Yixin and Passino, K. M.},
   TITLE       = {Adaptive Control for a Class of Nonlinear Time-Varying Systems},
   BOOKTITLE   = ACC,
   ADDRESS     = {Arlington},
   MONTH       = {June},
   PAGES       = {4161--4166},
   YEAR        = 2001
}


@INPROCEEDINGS{CCH:2003b,
   AUTHOR      = {Cunha, J. P. V. S. and Costa, R. R. and Hsu, L.},
   TITLE       = {Design of first order approximation filters applied to
                  sliding mode control},
   BOOKTITLE   = CDC,
   ADDRESS     = {Maui, Hawaii},
   MONTH       = {December},
   PAGES       = {3531--3536},
   YEAR        = 2003
}

@BOOK{K:80,
   AUTHOR      = {Kailath, T.},
   TITLE       = {Linear Systems},
   PUBLISHER   = {Prentice Hall},
   YEAR        = 1980
}

@ARTICLE{T:64,
   AUTHOR      = {Taran, V. A.},
   TITLE       = {The Control of a Linear Object by a Variable-Structure, Astatic Control Without
   the Use of Pure Derivatives in the Control Law},
   JOURNAL     = AT,
   VOLUME      = 25,
   NUMBER      = 10,
   PAGES       = {1421--1432},
   YEAR        = 1964
}


@ARTICLE{SK:91,
   AUTHOR      = {Sussmann, H. J. and Kokotovi\'c, P. V.},
   TITLE       = {The peaking phenomenon and the global
                 stabilization of nonlinear systems},
   JOURNAL     = TAC,
   VOLUME      = 36,
   NUMBER      = 4,
   PAGES       = {424--440},
   YEAR        = 1991
}

@INPROCEEDINGS{CHCL:2005,
   AUTHOR      = {Cunha, J. P. V. S. and Hsu, L. and Costa, R. R. and
                  Lizarralde, F.},
   TITLE       = {Sliding mode control of uncertain linear systems based
                  on a high gain observer free of peaking},
   BOOKTITLE   = {Preprints of the 16$^{th}$ IFAC World Congress},
   ADDRESS     = {Prague, Czech Republic},
   MONTH       = {July},
   YEAR        = 2005
}


@ARTICLE{WZ:88,
   AUTHOR      = {Walcott, B. L. and \.Zak, S.},
   TITLE       = {Combined observer-controller synthesis for uncertain
                  dynamical systems with applications},
   JOURNAL     = TSMC,
   VOLUME      = {18},
   NUMBER      = {1},
   PAGES       = {88--104},
   YEAR        = 1988
}

@ARTICLE{SHM:87,
   AUTHOR      = {Slotine, J. J. E. and Hedrick, J. K.  and Misawa, E. A.},
   TITLE       = {On sliding observers for nonlinear systems},
   JOURNAL     = {ASME J. Dynamic Systems Measurement and Control},
   VOLUME      = 109,
   PAGES       = {245--252},
   YEAR        = 1987
}

@ARTICLE{BBKU:85,
   AUTHOR      = {Bondarev, A. G. and S. A. Bondarev and
                  N. E. Kostyleva and V. I. Utkin},
   TITLE       = {Sliding modes in  systems with asymptotic state observers},
   JOURNAL     = {Autom. Remote Control},
   NOTE        = {Pt. 1},
   VOLUME      = 46,
   NUMBER      = 6,
   PAGES       = {679--684},
   YEAR        = 1985
}

@article{H:97ijrnc,
    author  = {L. Hsu},
    title   = {Smooth Sliding Control of uncertain Systems based on a Prediction error},
    journal = {Int. Journal of Robust and Nonlinear Control},
    year    = 1997,
    volume  = {7},
    pages   = {353--372}
}

@ARTICLE{EKNN:92b,
   AUTHOR      = {Emelyanov, S. V. and Korovin, S. K. and Nersisian, A. L.
                  and Nisenzon, Y. Y.},
   TITLE       = {Discontinuous output feedback stabilizing
                 an uncertain {MIMO} plant},
   JOURNAL     = IJC,
   VOLUME      = 55,
   NUMBER      = 1,
   PAGES       = {83--107},
   YEAR        = 1992
}

@ARTICLE{EK:92,
   AUTHOR      = {Esfandiari, F. and Khalil, H. K.},
   TITLE       = {Output feedback stabilization of fully linearizable systems},
   JOURNAL     = IJC,
   VOLUME      = 56,
   PAGES       = {1007--1037},
   YEAR        = 1992
}

@BOOK{C:00,
   AUTHOR      = {Chen, C. T.},
   TITLE       = {Linear System Theory and Design},
   YEAR        = 1900
}


@ARTICLE{SW:95,
   AUTHOR      = {E. D. Sontag and Y. Wang},
   TITLE       = {On characterizations of the input-to-state stability property},
   JOURNAL     = SCL,
   VOLUME      = 24,
   PAGES       = {351--359},
   YEAR        = 1995
}

@ARTICLE{S:95,
   AUTHOR      = {E. D. Sontag},
   TITLE       = {On the input-to-state stability property},
   JOURNAL     = EJC,
   VOLUME      = 1,
   PAGES       = {24--36},
   YEAR        = 1995
}

@INCOLLECTION{HCCL:2002a,
   AUTHOR      = {Hsu, L. and Cunha, J. P. V. S. and Costa, R. R.
                  and Lizarralde, F.},
   TITLE       = {Multivariable output-feedback sliding mode control},
   BOOKTITLE   = {Variable Structure Systems: Towards the 21st Century},
   EDITOR      = {Yu, X. and Xu, J.-X.},
   PAGES       = {283--313},
   PUBLISHER   = {Springer-Verlag},
   YEAR        = 2002
}

@BOOK{U:92,
   AUTHOR      = {Utkin, V. I.},
   TITLE       = {Sliding Modes in Control and Optimization},
   PUBLISHER   = {Springer-Verlag},
   YEAR        = 1992
}


@BOOK{U:78,
   AUTHOR      = {Utkin, V. I.},
   TITLE       = {Sliding Modes and Their Application in Variable
                  Structure Systems},
   PUBLISHER   = {MIR},
   YEAR        = 1978
}



@ARTICLE{O:93,
   AUTHOR      = {R. Ortega},
   TITLE       = {On {M}orse's New Adaptive Controller: Parameter Convergence and Transient Performance},
   JOURNAL     = TAC,
   VOLUME      = 38,
   NUMBER      = 8,
   PAGES       = {1191--1202},
   YEAR        = 1993
}


@INPROCEEDINGS{LL:05,
   AUTHOR      = {Lei, H. and Lin, W.},
   TITLE       = {Universal output feedback control of nonlinear systems with unknown growth rate},
   BOOKTITLE   = {Preprints of the 16$^{th}$ IFAC World Congress},
   ADDRESS     = {Prague, Czech Republic},
   MONTH       = {July},
   YEAR        = 2005
}



@ARTICLE{AK:01,
   AUTHOR      = {Arcak, M.  and Kokotovic, P.V.},
   TITLE       = {Nonlinear Observers: A Circle Criterion Design and Robustness Analysis},
   JOURNAL     = AUT,
   NUMBER      = 37,
   PAGES       = {1923--1930},
   YEAR        = 2001
}

@ARTICLE{JTP:94,
   AUTHOR      = {Jiang, Z. P. and Teel, A. R. and Praly, L.},
   TITLE       = {Small-Gain Theorem for {ISS} Systems and Applications},
   JOURNAL     = MCSS,
   NUMBER      = 7,
   PAGES       = {95--120},
   YEAR        = 1994
}


@ARTICLE{OK:95,
   AUTHOR      = {Oh, S. and Khalil, H. K.},
   TITLE       = {Output feedback stabilization using variable structure
                  control},
   JOURNAL     = IJC,
   VOLUME      = {62},
   NUMBER      = {4},
   PAGES       = {831--848},
   YEAR        = 1995
}


@ARTICLE{OK:97,
   AUTHOR      = {Oh, S. and Khalil, H. K.},
   TITLE       = {Nonlinear output-feedback tracking using high-gain observer
                  and variable structure control},
   JOURNAL     = AUT,
   VOLUME      = {33},
   NUMBER      = {10},
   PAGES       = {1845--1856},
   YEAR        = 1997
}




@INPROCEEDINGS{KK:05,
   AUTHOR      = {Krishnamurthy, P. and Khorrami, F.},
   TITLE       = {Adaptive Output-Feedback For Nonlinear Systems With No A Priori Bounds on Parameters},
   BOOKTITLE   = {ACC},
   PAGES       = {3713--3718},
   ADDRESS     = {Portland, OR, USA},
   YEAR        = 2005
}


@INPROCEEDINGS{KK:03,
   AUTHOR      = {Krishnamurthy, P. and Khorrami, F.},
   TITLE       = {A Dual High Gain Controller for the Uncertain Generalized Output-Feedback Canonical Form
   with Appended Dynamics Driven by all States},
   BOOKTITLE   = ACC,
   PAGES       = {4766--4771},
   ADDRESS     = {Denver, Colorado},
   YEAR        = 2003
}

@INPROCEEDINGS{P:01,
   AUTHOR      = {Praly, L.},
   TITLE       = {Asymptotic stabilization via output feedback for lower triangular
   systems with output dependent incremental rate},
   BOOKTITLE   = CDC,
   PAGES       = {3808--3813},
   ADDRESS     = {Orlando, Florida USA},
   YEAR        = 2001
}


@ARTICLE{TP:94,
   AUTHOR      = {A. Teel and L. Praly},
   TITLE       = {Global stabilizability and observability imply
   semi-global stabilizability by output feedback},
   JOURNAL     = SCL,
   VOLUME      = 22,
   PAGES       = {313--325},
   YEAR        = 1994
}

@ARTICLE{MPD:94,
   AUTHOR      = {Mazenc, F. and Praly, L. and Dayawansa, W. P.},
   TITLE       = {Global stabilization by output feedback: examples and counterexamples},
   JOURNAL     = SCL,
   VOLUME      = 23,
   NUMBER      = { },
   PAGES       = {119--125},
   YEAR        = 1994
}
@ARTICLE{TP:95,
   AUTHOR      = {Teel, A. and Praly, L.},
   TITLE       = {Tools for semiglobal stabilization by partial state and output feedback},
   JOURNAL     = SJCO,
   VOLUME      = {33},
   NUMBER      = {5},
   PAGES       = {1443--1488},
   YEAR        = 1995
}

@ARTICLE{KKJ:02,
   AUTHOR      = {Krishnamurthy, P. and Khorrami, F. and Jiang, Z. P.},
   TITLE       = {Global output feedback tracking for nonlinear systems in
   generalized output-feedback canonical form},
   JOURNAL     = TAC,
   VOLUME      = 47,
   NUMBER      = 5,
   PAGES       = {814--819},
   YEAR        = 2002
}
@ARTICLE{KKC:03,
   AUTHOR      = {Krishnamurthy, P. and Khorrami, F. and Chandra, R. S.},
   TITLE       = {Global High-Gain-Based Observer and Backstepping Controller for
   Generalized Output-Feedback Canonical Form},
   JOURNAL     = TAC,
   VOLUME      = 48,
   NUMBER      = 12,
   PAGES       = {2277--2284},
   YEAR        = 2003
}


@ARTICLE{KK:07,
   AUTHOR      = {Krishnamurthy, P. and Khorrami, F.},
   TITLE       = {High-gain output-feedback control for nonlinear systems based on multiple time scaling},
   JOURNAL     = SCL,
   VOLUME      = 56,
   PAGES       = {7--15},
   YEAR        = 2007
}


@ARTICLE{KK:02,
   AUTHOR      = {Krishnamurthy, P. and Khorrami, F.},
   TITLE       = {Generalized Adaptive Output-Feedback Form with Unknown Parameters Multiplying High Output Relative-Degree States},
   JOURNAL     = CDC,
   PAGES       = {1503--1508},
   YEAR        = 2002
}

@BOOK{ES:98,
   AUTHOR      = {Edwards, C. and Spurgeon, S. K.},
   TITLE       = {Sliding Mode Control: Theory and Applications},
   PUBLISHER   = {Taylor \& Francis Ltd.},
   YEAR        = 1998
}


@BOOK{F:88,
   AUTHOR      = {Filippov, A. F.},
   TITLE       = {Differential Equations with Discontinuous Righthand Sides},
   PUBLISHER   = {Kluwer Academic Publishers},
   YEAR        = 1988
}


@BOOK{K:02,
   AUTHOR      = {Khalil, H. K.},
   TITLE       = {Nonlinear Systems},
   PUBLISHER   = {Prentice Hall},
   EDITION     = {$3^{rd}$},
   YEAR        = 2002
}

@BOOK{MT:95,
   AUTHOR      = {Marino, R. and Tomei, P.},
   TITLE       = {Nonlinear Control Design. Geometric, Adaptive and Robust},
   PUBLISHER   = {Prentice Hall},
   EDITION     = {$1^{st}$},
   YEAR        = 1995
}


@BOOK{IS:96,
   AUTHOR      = {Ioannou, P.A. and Sun, J.},
   TITLE       = {Robust Adaptive Control},
   PUBLISHER   = {Prentice-Hall},
   YEAR        = 1996
}

@BOOK{SB:89,
   AUTHOR      = {Sastry, S. and Bodson, M.},
   TITLE       = {Adaptive Control: Stability, Convergence and Robustness},
   PUBLISHER   = {Prentice-Hall},
   YEAR        = 1989
}


@ARTICLE{F:64,
   AUTHOR      = {Filippov, A. F.},
   TITLE       = {Differential equations with discontinuous right-hand side},
   JOURNAL     = {American Math. Soc. Translations},
   VOLUME      = 42,
   NUMBER      = 2,
   PAGES       = {199--231},
   YEAR        = 1964
}
@ARTICLE{HLA:97,
   AUTHOR      = {Hsu, L. and Lizarralde, F. and Ara\'{u}jo, A.D.},
   TITLE       = {New results on output-feedback variable structure
                 adaptive control: design and stability analysis},
   JOURNAL     = TAC,
   VOLUME      = 42,
   NUMBER      = 3,
   PAGES       = {386--393},
   YEAR        = 1997
}

@ARTICLE{HAC:94,
   AUTHOR      = {Hsu, L. and Ara\'{u}jo, A.D. and Costa, R. R. },
   TITLE       = {Analysis and design of
                    {I/O} based variable structure adaptive control},
   JOURNAL     = TAC,
   VOLUME      = 39,
   NUMBER      = 1,
   PAGES       = {4--21},
   YEAR        = 1994
}


@ARTICLE{HCC:2003,
   AUTHOR      = {Hsu, L. and Costa, R. R. and Cunha, J. P. V. S.},
   TITLE       = {Model-reference output-feedback sliding mode controller for a class
                    of multivariable nonlinear systems},
   JOURNAL     = AJC,
   VOLUME      = 5,
   NUMBER      = 4,
   PAGES       = {543--556},
   YEAR        = 2003
}


@INPROCEEDINGS{HCC:2002a,
   AUTHOR      = {Hsu, L. and Costa, R. R. and Cunha, J. P. V. S..},
   TITLE       = {Output-feedback sliding mode controller for nonlinear
                  uncertain multivariable systems},
   BOOKTITLE   = {Proc. 7$^{th}$ Int. Workshop on Variable Structure Sys.},
   PAGES       = {123--132},
   ADDRESS     = {Sarajevo},
   MONTH       = {July},
   YEAR        = 2002
}
@ARTICLE{QDD:94,
   AUTHOR      = {Qu, Z. and Dorsey, J.F. and Dawson, D.M. },
   TITLE       = {Model Reference Robust Control of a Class of SISO Systems},
   JOURNAL     = TAC,
   VOLUME      = 39,
   NUMBER      = 11,
   PAGES       = {2219--2234},
   YEAR        = 1994
}

@ARTICLE{CTIF:97,
   AUTHOR      = {Chen, X. and Tsuruoka, S. and Ishida, M. and Fukuda, T.},
   TITLE       = {A New Model Reference Robust Control for the Systems with Disturbances},
   JOURNAL     = CDC,
   PAGES       = {2660--2665},
   YEAR        = 1997
}


@ARTICLE{YX:04a,
   AUTHOR      = {Yan, L. and Xu, J.},
   TITLE       = {Tracking Performance Improvement of a Model Reference Robust Control},
   JOURNAL     = CDC,
   PAGES       = {189--194},
   YEAR        = 2004
}
